Books


@book{DBLP:books/WeskeBPM,
  author    = {Mathias Weske},
  title     = {Business Process Management - Concepts, Languages, Architectures,
               2nd Edition},
  publisher = {Springer},
  year      = {2012},
  doi       = {10.1007/978-3-642-28616-2},
  isbn      = {978-3-642-28615-5},
  timestamp = {Tue, 16 May 2017 14:01:34 +0200},
  biburl    = {https://dblp.org/rec/bib/books/daglib/0029914},
  bibsource = {dblp computer science bibliography, https://dblp.org}
}

@book{DBLP:books/sp/DumasRMR18,
  author    = {Marlon Dumas and
               Marcello La Rosa and
               Jan Mendling and
               Hajo A. Reijers},
  title     = {Fundamentals of Business Process Management, Second Edition},
  publisher = {Springer},
  year      = {2018},
  url       = {https://doi.org/10.1007/978-3-662-56509-4},
  doi       = {10.1007/978-3-662-56509-4},
  isbn      = {978-3-662-56508-7},
  timestamp = {Thu, 29 Mar 2018 14:05:53 +0200},
  biburl    = {https://dblp.org/rec/bib/books/sp/DumasRMR18},
  bibsource = {dblp computer science bibliography, https://dblp.org}
}



Articles

@article{DBLP:journals/Chinosi,
  author    = {Michele Chinosi and
               Alberto Trombetta},
  title     = {{BPMN:} An introduction to the standard},
  journal   = {Computer Standards {\&} Interfaces},
  volume    = {34},
  number    = {1},
  pages     = {124--134},
  year      = {2012},
  url       = {https://doi.org/10.1016/j.csi.2011.06.002},
  doi       = {10.1016/j.csi.2011.06.002},
  timestamp = {Mon, 05 Jun 2017 20:44:03 +0200},
  biburl    = {https://dblp.org/rec/bib/journals/csi/ChinosiT12},
  bibsource = {dblp computer science bibliography, https://dblp.org}
}

@article{DBLP:journals/BPMNtoPN,
  author    = {Remco M. Dijkman and
               Marlon Dumas and
               Chun Ouyang},
  title     = {Semantics and analysis of business process models in {BPMN}},
  journal   = {Information {\&} Software Technology},
  volume    = {50},
  number    = {12},
  pages     = {1281--1294},
  year      = {2008},
  url       = {https://doi.org/10.1016/j.infsof.2008.02.006},
  doi       = {10.1016/j.infsof.2008.02.006},
  timestamp = {Tue, 06 Jun 2017 22:17:07 +0200},
  biburl    = {https://dblp.org/rec/bib/journals/infsof/DijkmanDO08},
  bibsource = {dblp computer science bibliography, https://dblp.org}
}

@article{DBLP:journals/fuin/ILPMiner,
  author    = {Jan Martijn E. M. van der Werf and
               Boudewijn F. van Dongen and
               Cor A. J. Hurkens and
               Alexander Serebrenik},
  title     = {Process Discovery using Integer Linear Programming},
  journal   = {Fundam. Inform.},
  volume    = {94},
  number    = {3-4},
  pages     = {387--412},
  year      = {2009},
  url       = {https://doi.org/10.3233/FI-2009-136},
  doi       = {10.3233/FI-2009-136},
  timestamp = {Wed, 14 Jun 2017 20:30:30 +0200},
  biburl    = {https://dblp.org/rec/bib/journals/fuin/derWerfDHS09},
  bibsource = {dblp computer science bibliography, https://dblp.org}
}

@article{DBLP:journals/dss/Fodina,
  author    = {Seppe K. L. M. vanden Broucke and
               Jochen De Weerdt},
  title     = {Fodina: {A} robust and flexible heuristic process discovery technique},
  journal   = {Decision Support Systems},
  volume    = {100},
  pages     = {109--118},
  year      = {2017},
  url       = {https://doi.org/10.1016/j.dss.2017.04.005},
  doi       = {10.1016/j.dss.2017.04.005},
  timestamp = {Fri, 30 Nov 2018 13:26:06 +0100},
  biburl    = {https://dblp.org/rec/bib/journals/dss/BrouckeW17},
  bibsource = {dblp computer science bibliography, https://dblp.org}
}

@article{DBLP:journals/infsof/LindsayDL03,
  author    = {Ann Lindsay and
               Denise Downs and
               Ken Lunn},
  title     = {Business processes--attempts to find a definition},
  journal   = {Information {\&} Software Technology},
  volume    = {45},
  number    = {15},
  pages     = {1015--1019},
  year      = {2003},
  url       = {https://doi.org/10.1016/S0950-5849(03)00129-0},
  doi       = {10.1016/S0950-5849(03)00129-0},
  timestamp = {Wed, 17 May 2017 10:55:32 +0200},
  biburl    = {https://dblp.org/rec/bib/journals/infsof/LindsayDL03},
  bibsource = {dblp computer science bibliography, https://dblp.org}
}

@article{BitcoinStatisticsCambridge,
  author = {Hileman, Garrick and Rauchs, Michel},
  year = {2017},
  month = {01},
  pages = {},
  title = {2017 Global Cryptocurrency Benchmarking Study},
  journal = {SSRN Electronic Journal},
  doi = {10.2139/ssrn.2965436}
}

//TO Check
@article{PetriNetIntroduction, 
  author={T. Murata}, 
  journal={Proceedings of the IEEE}, 
  title={Petri nets: Properties, analysis and applications}, 
  year={1989}, 
  volume={77}, 
  number={4}, 
  pages={541-580}, 
  keywords={logic programming;Petri nets;stochastic processes;behavioural properties;structural properties;subclasses;Petri nets;marked graphs;concurrent system model;stochastic nets;performance modeling;high-level nets;logic programming;reachability criteria;Petri nets;Mathematical model;Information processing;Stochastic systems;Equations;Power system modeling;Books;History;Stochastic processes;Logic programming}, 
  doi={10.1109/5.24143}, 
  ISSN={0018-9219}, 
  month={April}
}

@article{TruthAboutBlockchain,
  title = {The Truth about Blockchain},
  author = {Iansiti, Marco and Karim R. Lakhani},
  journal = {Harvard Business Review},
  volume = {95},
  number={1},
  pages = {118-127},
  year = {2017},
  month = {1}
}

@article{XESstandard,
  title={Xes standard definition},
  author={G{\"u}nther, Christian W and Verbeek, Eric},
  journal={Fluxicon Process Laboratories},
  volume={13},
  pages={14},
  year={2009}
}

// Inproceedings

@inproceedings{DBLP:conf/ReplayQualityParameters,
  author    = {Joos C. A. M. Buijs and
               Boudewijn F. van Dongen and
               Wil M. P. van der Aalst},
  title     = {On the Role of Fitness, Precision, Generalization and Simplicity in
               Process Discovery},
  booktitle = {On the Move to Meaningful Internet Systems: {OTM} 2012, Confederated
               International Conferences: CoopIS, DOA-SVI, and {ODBASE} 2012, Rome,
               Italy, September 10-14, 2012. Proceedings, Part {I}},
  pages     = {305--322},
  year      = {2012},
  crossref  = {DBLP:conf/otm/2012-1},
  url       = {https://doi.org/10.1007/978-3-642-33606-5\_19},
  doi       = {10.1007/978-3-642-33606-5\_19},
  timestamp = {Wed, 14 Nov 2018 10:58:18 +0100},
  biburl    = {https://dblp.org/rec/bib/conf/otm/BuijsDA12},
  bibsource = {dblp computer science bibliography, https://dblp.org}
}

@inproceedings{DBLP:conf/bpm/ProcessMiningManifesto,
  author    = {Wil M. P. van der Aalst and
               Arya Adriansyah and
               Ana Karla Alves de Medeiros and
               Franco Arcieri and
               Thomas Baier and
               Tobias Blickle and
               R. P. Jagadeesh Chandra Bose and
               Peter van den Brand and
               Ronald Brandtjen and
               Joos C. A. M. Buijs and
               Andrea Burattin and
               Josep Carmona and
               Mal{\'{u}} Castellanos and
               Jan Claes and
               Jonathan Cook and
               Nicola Costantini and
               Francisco Curbera and
               Ernesto Damiani and
               Massimiliano de Leoni and
               Pavlos Delias and
               Boudewijn F. van Dongen and
               Marlon Dumas and
               Schahram Dustdar and
               Dirk Fahland and
               Diogo R. Ferreira and
               Walid Gaaloul and
               Frank van Geffen and
               Sukriti Goel and
               Christian W. G{\"{u}}nther and
               Antonella Guzzo and
               Paul Harmon and
               Arthur H. M. ter Hofstede and
               John Hoogland and
               Jon Espen Ingvaldsen and
               Koki Kato and
               Rudolf Kuhn and
               Akhil Kumar and
               Marcello La Rosa and
               Fabrizio Maria Maggi and
               Donato Malerba and
               R. S. Mans and
               Alberto Manuel and
               Martin McCreesh and
               Paola Mello and
               Jan Mendling and
               Marco Montali and
               Hamid R. Motahari Nezhad and
               Michael zur Muehlen and
               Jorge Munoz{-}Gama and
               Luigi Pontieri and
               Joel Ribeiro and
               Anne Rozinat and
               Hugo Seguel P{\'{e}}rez and
               Ricardo Seguel P{\'{e}}rez and
               Marcos Sep{\'{u}}lveda and
               Jim Sinur and
               Pnina Soffer and
               Minseok Song and
               Alessandro Sperduti and
               Giovanni Stilo and
               Casper Stoel and
               Keith D. Swenson and
               Maurizio Talamo and
               Wei Tan and
               Chris Turner and
               Jan Vanthienen and
               George Varvaressos and
               Eric Verbeek and
               Marc Verdonk and
               Roberto Vigo and
               Jianmin Wang and
               Barbara Weber and
               Matthias Weidlich and
               Ton Weijters and
               Lijie Wen and
               Michael Westergaard and
               Moe Thandar Wynn},
  title     = {Process Mining Manifesto},
  booktitle = {Business Process Management Workshops - {BPM} 2011 International Workshops,
               Clermont-Ferrand, France, August 29, 2011, Revised Selected Papers,
               Part {I}},
  pages     = {169--194},
  year      = {2011},
  crossref  = {DBLP:conf/bpm/2011w1},
  url       = {https://doi.org/10.1007/978-3-642-28108-2\_19},
  doi       = {10.1007/978-3-642-28108-2\_19},
  timestamp = {Wed, 14 Nov 2018 10:57:46 +0100},
  biburl    = {https://dblp.org/rec/bib/conf/bpm/AalstAM11},
  bibsource = {dblp computer science bibliography, https://dblp.org}
}

@inproceedings{DBLP:conf/bpm/DiscoFuzzyMiner,
  author    = {Christian W. G{\"{u}}nther and
               Anne Rozinat},
  title     = {Disco: Discover Your Processes},
  booktitle = {Proceedings of the Demonstration Track of the 10th International Conference
               on Business Process Management {(BPM} 2012), Tallinn, Estonia, September
               4, 2012},
  pages     = {40--44},
  year      = {2012},
  crossref  = {DBLP:conf/bpm/2012d},
  url       = {http://ceur-ws.org/Vol-940/paper8.pdf},
  timestamp = {Mon, 30 May 2016 16:43:12 +0200},
  biburl    = {https://dblp.org/rec/bib/conf/bpm/GuntherR12},
  bibsource = {dblp computer science bibliography, https://dblp.org}
}

@inproceedings{DBLP:conf/icdm/SplitMiner,
  author    = {Adriano Augusto and
               Raffaele Conforti and
               Marlon Dumas and
               Marcello La Rosa},
  title     = {Split Miner: Discovering Accurate and Simple Business Process Models
               from Event Logs},
  booktitle = {2017 {IEEE} International Conference on Data Mining, {ICDM} 2017,
               New Orleans, LA, USA, November 18-21, 2017},
  pages     = {1--10},
  year      = {2017},
  crossref  = {DBLP:conf/icdm/2017},
  url       = {https://doi.org/10.1109/ICDM.2017.9},
  doi       = {10.1109/ICDM.2017.9},
  timestamp = {Mon, 07 Jan 2019 17:17:42 +0100},
  biburl    = {https://dblp.org/rec/bib/conf/icdm/AugustoCDR17},
  bibsource = {dblp computer science bibliography, https://dblp.org}
}



@inproceedings{DBLP:conf/bpm/InductiveVisualMiner,
  author    = {Sander J. J. Leemans and
               Dirk Fahland and
               Wil M. P. van der Aalst},
  title     = {Process and Deviation Exploration with Inductive Visual Miner},
  booktitle = {Proceedings of the {BPM} Demo Sessions 2014 Co-located with the 12th
               International Conference on Business Process Management {(BPM} 2014),
               Eindhoven, The Netherlands, September 10, 2014.},
  pages     = {46},
  year      = {2014},
  crossref  = {DBLP:conf/bpm/2014d},
  url       = {http://ceur-ws.org/Vol-1295/paper19.pdf},
  timestamp = {Mon, 30 May 2016 16:28:38 +0200},
  biburl    = {https://dblp.org/rec/bib/conf/bpm/LeemansFA14},
  bibsource = {dblp computer science bibliography, https://dblp.org}
}


@proceedings{DBLP:conf/icdm/2017,
  editor    = {Vijay Raghavan and
               Srinivas Aluru and
               George Karypis and
               Lucio Miele and
               Xindong Wu},
  title     = {2017 {IEEE} International Conference on Data Mining, {ICDM} 2017,
               New Orleans, LA, USA, November 18-21, 2017},
  publisher = {{IEEE} Computer Society},
  year      = {2017},
  url       = {http://ieeexplore.ieee.org/xpl/mostRecentIssue.jsp?punumber=8211002},
  isbn      = {978-1-5386-3835-4},
  timestamp = {Mon, 07 Jan 2019 17:17:42 +0100},
  biburl    = {https://dblp.org/rec/bib/conf/icdm/2017},
  bibsource = {dblp computer science bibliography, https://dblp.org}
}

@proceedings{DBLP:conf/bpm/2014d,
  editor    = {Lior Limonad and
               Barbara Weber},
  title     = {Proceedings of the {BPM} Demo Sessions 2014 Co-located with the 12th
               International Conference on Business Process Management {(BPM} 2014),
               Eindhoven, The Netherlands, September 10, 2014},
  series    = {{CEUR} Workshop Proceedings},
  volume    = {1295},
  publisher = {CEUR-WS.org},
  year      = {2014},
  url       = {http://ceur-ws.org/Vol-1295},
  urn       = {urn:nbn:de:0074-1295-0},
  timestamp = {Mon, 30 May 2016 16:28:38 +0200},
  biburl    = {https://dblp.org/rec/bib/conf/bpm/2014d},
  bibsource = {dblp computer science bibliography, https://dblp.org}
}

@proceedings{DBLP:conf/otm/2012-1,
  editor    = {Robert Meersman and
               Herv{\'{e}} Panetto and
               Tharam S. Dillon and
               Stefanie Rinderle{-}Ma and
               Peter Dadam and
               Xiaofang Zhou and
               Siani Pearson and
               Alois Ferscha and
               Sonia Bergamaschi and
               Isabel F. Cruz},
  title     = {On the Move to Meaningful Internet Systems: {OTM} 2012, Confederated
               International Conferences: CoopIS, DOA-SVI, and {ODBASE} 2012, Rome,
               Italy, September 10-14, 2012. Proceedings, Part {I}},
  series    = {Lecture Notes in Computer Science},
  volume    = {7565},
  publisher = {Springer},
  year      = {2012},
  url       = {https://doi.org/10.1007/978-3-642-33606-5},
  doi       = {10.1007/978-3-642-33606-5},
  isbn      = {978-3-642-33605-8},
  timestamp = {Thu, 15 Jun 2017 21:37:26 +0200},
  biburl    = {https://dblp.org/rec/bib/conf/otm/2012-1},
  bibsource = {dblp computer science bibliography, https://dblp.org}
}

@proceedings{DBLP:conf/bpm/2011w1,
  editor    = {Florian Daniel and
               Kamel Barkaoui and
               Schahram Dustdar},
  title     = {Business Process Management Workshops - {BPM} 2011 International Workshops,
               Clermont-Ferrand, France, August 29, 2011, Revised Selected Papers,
               Part {I}},
  series    = {Lecture Notes in Business Information Processing},
  volume    = {99},
  publisher = {Springer},
  year      = {2012},
  url       = {https://doi.org/10.1007/978-3-642-28108-2},
  doi       = {10.1007/978-3-642-28108-2},
  isbn      = {978-3-642-28107-5},
  timestamp = {Fri, 02 Nov 2018 09:44:23 +0100},
  biburl    = {https://dblp.org/rec/bib/conf/bpm/2011w1},
  bibsource = {dblp computer science bibliography, https://dblp.org}
}

@proceedings{DBLP:conf/bpm/2012d,
  editor    = {Niels Lohmann and
               Simon Moser},
  title     = {Proceedings of the Demonstration Track of the 10th International Conference
               on Business Process Management {(BPM} 2012), Tallinn, Estonia, September
               4, 2012},
  series    = {{CEUR} Workshop Proceedings},
  volume    = {940},
  publisher = {CEUR-WS.org},
  year      = {2012},
  url       = {http://ceur-ws.org/Vol-940},
  urn       = {urn:nbn:de:0074-940-9},
  timestamp = {Mon, 30 May 2016 16:43:12 +0200},
  biburl    = {https://dblp.org/rec/bib/conf/bpm/2012d},
  bibsource = {dblp computer science bibliography, https://dblp.org}
}







@misc{Medium,
  author = {Preethi Kasireddy},
  title = {How does Ethereum work, anyway?},
  journal = {Medium},
  year = {2017},
  month = {9}
}




Unused citations

@article {AutomatedProcessDiscovery,
  title = {Automated Discovery of Process Models from Event Logs: Review and Benchmark},
  autore = {Augusto, Adriano e Conforti, Raffaele e Dumas, Marlon e La Rosa, Marcello e Maggi, Fabrizio M e Marrella, Andrea e Mecella, Massimo e Soo, Allar},
  journal = {IEEE Transactions on Knowledge and Data Engineering},
  year = {2018}
}

@inproceedings{DiscoveringBlock-StructuredProcessModels,
  author = {J. J. Leemans, Sander and Fahland, Dirk and Aalst, Wil M. P.},
  year = {2014},
  title = {Discovering Block-Structured Process Models from Event Logs Containing Infrequent Behaviour},
}

@article{HeuristicMiner,
  title={Process mining with the heuristics miner-algorithm},
  author={Weijters, AJMM and van Der Aalst, Wil MP and De Medeiros, AK Alves},
  journal={Technische Universiteit Eindhoven, Tech. Rep. WP},
  year={2006}
}